@article{DBLP:journals/corr/ZhouF17,
  author    = {Zhi{-}Hua Zhou and
               Ji Feng},
  title     = {Deep Forest: Towards An Alternative to Deep Neural Networks},
  journal   = {CoRR},
  volume    = {abs/1702.08835},
  year      = {2017},
  url       = {http://arxiv.org/abs/1702.08835},
  archivePrefix = {arXiv},
  eprint    = {1702.08835},
  timestamp = {Wed, 07 Jun 2017 14:40:23 +0200},
  biburl    = {http://dblp.org/rec/bib/journals/corr/ZhouF17},
  bibsource = {dblp computer science bibliography, http://dblp.org}
}
@book{Kirk:2012:PMP:2597841,
 author = {Kirk, David B. and Hwu, Wen-mei W.},
 title = {Programming Massively Parallel Processors: A Hands-on Approach},
 year = {2013},
 isbn = {9780123914187},
 edition = {2},
 publisher = {Morgan Kaufmann Publishers Inc.},
 address = {San Francisco, CA, USA},
} 
